@InProceedings{Pirog18,
  author       = {Maciej Pir{\'{o}}g and Tom Schrijvers and Nicolas Wu
                  and Mauro Jaskelioff},
  title        = {Syntax and Semantics for Operations with Scopes},
  year         = 2018,
  booktitle    = {Proceedings of the 33rd Annual {ACM/IEEE} Symposium
                  on Logic in Computer Science, {LICS} 2018, Oxford,
                  UK, July 09-12, 2018},
  pages        = {809-818},
  doi          = {10.1145/3209108.3209166},
  url          = {https://doi.org/10.1145/3209108.3209166},
  timestamp    = {Fri, 27 Mar 2020 08:47:04 +0100},
  biburl       = {https://dblp.org/rec/conf/lics/PirogSWJ18.bib},
  bibsource    = {dblp computer science bibliography,
                  https://dblp.org}
}

@article{Pirog17,
  title        = {Backtracking with cut via a distributive law and left-zero monoids*},
  author       = {Maciej Pir{\'o}g and S. Staton},
  journal      = {Journal of Functional Programming},
  year         = {2017},
  volume       = {27}
}

@InProceedings{Wu14,
  author       = {Nicolas Wu and Tom Schrijvers and Ralf Hinze},
  title        = {Effect handlers in scope},
  year         = 2014,
  booktitle    = {Proceedings of the 2014 {ACM} {SIGPLAN} symposium on
                  Haskell, Gothenburg, Sweden, September 4-5, 2014},
  pages        = {1-12},
  doi          = {10.1145/2633357.2633358},
  url          = {https://doi.org/10.1145/2633357.2633358},
  timestamp    = {Sat, 19 Oct 2019 20:24:41 +0200},
  biburl       = {https://dblp.org/rec/conf/haskell/WuSH14.bib},
  bibsource    = {dblp computer science bibliography,
                  https://dblp.org}
}

@InProceedings{Schrijvers19,
  author       = {Tom Schrijvers and Maciej Pir{\'{o}}g and Nicolas Wu
                  and Mauro Jaskelioff},
  title        = {Monad transformers and modular algebraic effects:
                  what binds them together},
  year         = 2019,
  booktitle    = {Proceedings of the 12th {ACM} {SIGPLAN}
                  International Symposium on Haskell, Haskell, ICFP
                  2019, Berlin, Germany, August 18-23, 2019},
  pages        = {98-113},
  doi          = {10.1145/3331545.3342595},
  url          = {https://doi.org/10.1145/3331545.3342595},
  timestamp    = {Fri, 27 Mar 2020 08:57:01 +0100},
  biburl       =
                  {https://dblp.org/rec/conf/haskell/SchrijversPWJ19.bib},
  bibsource    = {dblp computer science bibliography,
                  https://dblp.org}
}